3492 5434
425 437 490 502 478

427 631 446 694 il
469 631 617 695 modello.
656 631 741 697 Sono
764 653 823 717 por
845 633 957 695 venire
980 652 1036 694 ora
1059 631 1112 716 qui
1137 629 1179 694 da
1194 630 1334 694 Francia
1349 628 1434 692 dieoi
1450 627 1619 693 Canonieri

425 738 556 801 maestri
587 759 647 801 oon
677 759 722 801 un
748 735 815 800 loro
838 735 1001 818 Officiale;
1032 737 1135 821 questi
1159 734 1287 820 quando
1311 757 1449 798 sararmo
1473 737 1528 820 qui
1551 755 1619 819 per·

425 843 545 924 venuti,
577 841 609 905 fa
640 840 746 926 duopo
778 840 938 905 destinare
970 849 1062 904 conto
1093 841 1246 926 genioeri,
1277 862 1336 925 per
1366 842 1428 903 essi
1451 839 1620 903 istruittit

425 947 633 1030 maneggiaro
656 945 677 1009 li
701 948 816 1010 canoni
839 945 953 1010 dentro
977 944 1082 1031 quelle
1105 944 1281 1030 seialuppe,
1306 966 1323 1007 e
1347 942 1440 1029 fargli
1457 946 1620 1029 essequire

424 1053 534 1115 avanti
555 1051 587 1115 la
610 1059 712 1136 punta
735 1049 788 1114 del
807 1049 968 1134 Serraglio
991 1049 1012 1113 li
1035 1050 1101 1115 loro
1124 1049 1268 1135 eserciej.
1309 1048 1433 1129 Questa
1456 1049 1566 1134 speeie
1591 1046 1621 1109 di

424 1156 516 1219 scafii
539 1177 616 1219 sono
640 1155 735 1219 molto
758 1156 867 1241 proprj
891 1153 934 1219 ad
957 1165 1128 1241 apportare
1144 1153 1196 1218 del
1211 1177 1293 1238 gran
1310 1153 1417 1218 danno
1433 1152 1464 1217 al
1480 1155 1620 1217 nemioo:

424 1260 508 1324 onde
538 1283 598 1346 per
626 1261 658 1324 ia
687 1259 754 1324 loro
778 1262 977 1325 oostruzione
1000 1282 1064 1324 non
1089 1261 1245 1324 conviene
1268 1281 1344 1323 usar
1367 1260 1620 1342 trasomagiono,

424 1386 443 1428 o
465 1365 666 1452 negligenza.

527 1496 624 1561 Disse
646 1495 668 1560 il
684 1496 816 1560 Visirio:
852 1497 890 1561 In
915 1505 1033 1582 quanto
1056 1495 1087 1560 al
1109 1494 1268 1581 legname,
1293 1494 1353 1559 ohe
1376 1494 1408 1559 fa
1432 1494 1540 1580 duopo
1565 1517 1622 1580 por

424 1601 455 1665 la
486 1605 685 1667 oostruaione
717 1600 749 1664 di
779 1625 844 1665 una
867 1603 1037 1687 quarantia
1065 1601 1097 1664 di
1127 1601 1234 1686 quella
1257 1602 1365 1686 specie
1389 1599 1421 1664 di
1444 1598 1621 1686 soialuppe,

423 1706 458 1769 fu
477 1709 531 1788 gia
555 1705 630 1771 dato
652 1706 672 1771 l'
682 1706 794 1770 ordine
810 1705 871 1770 che
888 1709 935 1771 sia
950 1706 1190 1793 appareohiato,
1214 1705 1257 1769 ed
1271 1705 1424 1770 abbiamo
1438 1707 1621 1769 intenzione

424 1810 457 1874 di
481 1813 635 1875 eostruiro
658 1834 777 1876 ancora
800 1835 865 1876 una
887 1835 969 1897 gran
993 1813 1139 1897 quantita
1162 1811 1194 1875 di
1218 1810 1324 1897 quella
1347 1813 1456 1897 specio
1480 1809 1513 1873 di
1531 1809 1622 1874 seasii

423 1938 481 2000 per
510 1919 643 1980 serviroi
665 1927 752 1982 tanto
776 1916 824 1982 sul
847 1916 1011 2000 Danubio,
1043 1927 1161 2002 quanto
1185 1919 1217 1980 in
1241 1916 1313 1982 oltri
1333 1915 1452 2000 luoghi.
1499 1916 1574 1979 Non
1597 1915 1621 1977 si

423 2042 539 2085 manea
570 2023 612 2085 ad
640 2022 791 2086 acoudire
814 2025 925 2106 giorno
950 2044 967 2086 e
990 2030 1077 2086 notte
1101 2044 1161 2086 oon
1184 2023 1255 2086 tutti
1278 2021 1489 2085 l'attenzione
1513 2042 1532 2084 e
1557 2018 1621 2083 dili·

422 2149 527 2210 gonza
550 2149 609 2212 por
631 2137 765 2192 mettere
789 2129 863 2212 ogni
888 2149 963 2192 oosa
986 2128 1018 2191 in
1042 2127 1129 2192 buon
1153 2126 1274 2191 ordine.
1313 2125 1368 2190 Sia
1391 2125 1499 2190 lodato
1516 2124 1620 2208 Iddio‚

422 2230 550 2295 avendo
573 2231 651 2296 fatto
673 2232 864 2318 promtiore,
889 2255 906 2295 e
922 2235 1093 2317 pervenire
1109 2234 1142 2296 in
1157 2240 1237 2296 tutte
1252 2231 1282 2295 le
1298 2230 1438 2295 fortezze
1456 2253 1473 2293 e
1489 2230 1620 2294 ne’con·

422 2336 478 2399 fini
503 2335 586 2400 delle
602 2339 774 2423 prouisioni
798 2337 829 2400 di
849 2336 962 2421 bocca,
986 2359 1003 2400 e
1027 2337 1198 2400 munizioni
1221 2335 1254 2399 di
1277 2358 1395 2420 guerra
1422 2337 1455 2398 vi
1479 2336 1506 2398 si
1529 2347 1620 2398 trove

421 2449 682 2526 presentamente
709 2465 774 2506 una
796 2442 981 2527 prodigiosa
1004 2442 1159 2528 quantita,
1182 2463 1200 2504 e
1224 2441 1279 2526 piir
1302 2440 1334 2504 di
1358 2439 1476 2525 quello,
1504 2439 1567 2505 ohe
1591 2439 1621 2503 fa

423 2543 566 2630 bisogno.
611 2547 686 2610 Non
717 2548 830 2611 furono
861 2549 989 2611 avviate
1021 2548 1073 2632 poi
1103 2545 1198 2610 molta
1229 2554 1345 2631 truppe
1373 2566 1433 2631 per
1456 2547 1620 2610 evitatae

422 2650 570 2715 schivare
603 2650 634 2716 le
668 2651 787 2716 dicerie
818 2675 835 2716 e
865 2653 1130 2736 raggionamenti,
1165 2652 1197 2714 in
1228 2673 1350 2715 somma
1381 2652 1407 2714 si
1434 2649 1621 2732 arcadiam,

422 2764 542 2840 quanto
566 2758 613 2820 sia
635 2755 786 2841 possibile
809 2758 839 2820 ai
861 2757 1068 2843 preparativi.
1103 2756 1168 2820 Per
1191 2755 1270 2820 altro
1293 2755 1313 2819 li
1337 2756 1537 2841 preparativi
1561 2753 1620 2818 cho

422 2862 448 2922 si
471 2881 548 2924 sono
570 2860 639 2924 fatti
663 2860 746 2925 nollo
769 2863 877 2947 spazio
901 2860 933 2924 di
961 2865 1052 2948 quasi
1080 2861 1143 2926 due
1170 2862 1245 2925 anni
1270 2858 1302 2923 di
1330 2859 1494 2942 Viziriato,
1519 2869 1620 2924 eorta-

421 2974 529 3028 monte
553 2964 614 3029 ohe
638 2965 679 3030 da
702 2989 744 3030 un
768 2965 848 3032 altro
864 2966 982 3032 Visirio
1006 2967 1096 3031 detro
1120 2966 1149 3030 lo
1172 2966 1281 3050 spazio
1303 2964 1336 3028 di
1360 2967 1386 3028 si
1408 2985 1491 3049 pooo
1511 2974 1620 3049 tempo

421 3092 486 3133 non
508 3069 646 3135 sarebbe
670 3071 764 3136 modo
789 3071 821 3135 di
843 3070 926 3136 farli.
972 3071 1064 3136 Oltra
1085 3071 1115 3135 le
1140 3070 1219 3135 altre
1243 3091 1347 3156 spese,
1379 3069 1439 3134 che
1463 3091 1543 3135 sono
1568 3091 1619 3134 an·

421 3173 496 3238 date
530 3197 589 3260 per
618 3175 639 3238 il
669 3175 756 3240 buon
789 3175 901 3242 ordine
936 3176 1021 3240 della
1051 3177 1148 3241 Porta
1178 3179 1205 3240 si
1235 3197 1312 3240 sono
1343 3197 1437 3261 spese
1467 3174 1523 3238 dal
1547 3175 1620 3238 Miri

420 3279 524 3344 anche
549 3279 666 3344 17.500
688 3281 796 3364 borse3
821 3281 863 3346 da
888 3283 936 3346 oio
959 3280 1043 3346 vade
1067 3283 1093 3345 si
1117 3281 1347 3364 chiaramente,
1372 3278 1432 3343 che
1452 3301 1517 3343 non
1536 3281 1563 3343 si
1579 3278 1619 3342 ha

420 3394 568 3449 maneato
591 3387 624 3448 in
646 3387 763 3450 niente.

524 3515 620 3580 Disse
643 3515 933 3582 l'Ambasciatore:
970 3515 1018 3582 Le
1035 3517 1168 3603 Truppe
1192 3539 1255 3581 non
1278 3515 1386 3580 hanno
1402 3514 1444 3579 de
1461 3515 1618 3600 sohioppi.

421 3642 438 3682 o
462 3621 559 3706 quelli
582 3621 641 3686 ohe
664 3645 766 3686 usono
789 3646 853 3687 non
877 3645 1014 3687 servano
1038 3645 1058 3686 a
1080 3625 1200 3706 niente,
1223 3623 1332 3708 percio
1352 3619 1492 3685 sarebbe
1508 3641 1618 3685 neces·

420 3728 503 3789 sario
527 3725 559 3790 di
581 3726 763 3812 provedere
787 3727 828 3792 de
851 3727 950 3792 buoni
973 3727 1128 3814 sohioppi.

524 3857 576 3923 Gli
606 3858 640 3922 fu
671 3861 805 3943 risposto
829 3858 882 3924 dal
906 3859 1036 3925 Visirio:
1071 3858 1140 3924 Che
1162 3881 1222 3945 per
1244 3858 1273 3924 lo
1297 3861 1407 3923 avanti
1429 3866 1616 3924 veramente

420 3983 481 4024 non
512 3984 659 4027 avevano
691 3962 731 4027 de
762 3962 861 4028 buoni
883 3965 1038 4053 sohioppi,
1070 3989 1123 4031 ma
1149 3968 1182 4030 in
1206 3974 1317 4050 questo
1341 3972 1466 4037 mentre
1490 3966 1517 4028 si
1542 3985 1616 4028 sono

419 4065 488 4129 fatti
512 4079 768 4152 eapressamonte
783 4068 852 4134 fare
869 4068 922 4134 dei
938 4072 1094 4158 sohioppi‚
1118 4071 1205 4158 quali
1228 4071 1365 4136 essendo
1381 4078 1464 4133 stato
1482 4071 1615 4154 provati,

420 4192 437 4232 e
460 4170 580 4236 reduto
611 4173 830 4240 chiaramonte
862 4199 969 4241 essere
997 4177 1142 4242 divenuti
1165 4177 1303 4264 perfetti,
1328 4176 1363 4241 fu
1386 4174 1536 4240 ordinato
1560 4174 1615 4239 cho

418 4277 508 4340 siano
542 4277 629 4362 politi
665 4278 706 4343 ed
739 4279 916 4366 adoperati‚
953 4281 984 4345 di
1018 4284 1172 4367 maniosa,
1204 4281 1265 4346 ohe
1295 4289 1559 4368 presentamente
1589 4279 1615 4342 le

419 4389 535 4466 trappe
558 4381 666 4447 hanno
689 4382 937 4450 de’buonissimi
960 4386 1115 4473 schioppi.

522 4514 575 4578 Ha
597 4516 732 4599 n'sposto
754 4514 1044 4582 l'Ambaseiatore:
1079 4519 1131 4583 Va
1154 4518 1249 4584 molto
1265 4517 1359 4602 beno,
1383 4519 1463 4602 pero
1479 4539 1540 4602 per
1554 4539 1613 4582 non

419 4618 535 4681 lasoiar
557 4622 756 4685 avvieinarvi
779 4621 801 4684 il
816 4624 951 4707 armico,
975 4623 1115 4688 sarebbo
1130 4626 1324 4707 necessaria
1348 4625 1409 4690 ohe
1431 4625 1453 4690 li
1471 4627 1614 4714 schioppi

419 4725 506 4787 siano
541 4723 622 4788 eolla
655 4725 834 4810 Bajonotta,
870 4737 994 4792 mentre
1028 4728 1060 4793 la
1090 4729 1211 4794 soiabla
1242 4754 1304 4794 non
1336 4753 1431 4796 serve
1454 4757 1475 4798 a
1499 4739 1612 4801 niente.
